@book{SOEBOOK,
  author    = {Sommerville I.}, 
  title     = {Software Engineering},
  publisher = {Pearson},
  year      = 2015,
  edition   = 10,
  isbn      = {9781292096131}
}